@book{bBolshakov,
	author = {Большаков, В. and Бочков, А.},
	title = {Основы 3D-моделирования. Изучаем работу в AutoCAD, КОМПАС-3D, SolidWorks, Inventor},
	publisher = {СПб.: Питер},
	year = {2013},
	language = "russian"
}
@misc{wOfDoc,
	title = {Introduction to Salome Platform — GUI 9.5.0 documentation},
	url = {https://docs.salome-platform.org/latest/gui/GUI/introduction.html},
	urldate = {2020-10-21}
}
@misc{wIbmSalome,
	title = {Моделирование в CAE Salome: Часть 1. Общие принципы},
	url = {https://www.ibm.com/developerworks/ru/library/l-salome{\_}01/index.html},
	urldate = {2020-10-21}
}
@misc{wLadugaGeom,
	title = {Документация Salome Geometry},
	url = {http://laduga.ru/salome.html},
	urldate = {2020-10-21}
}
@misc{wIbmSalomeMesh,
	title = {Моделирование в CAE Salome: Часть 3.1. Модуль Mesh. Построение двумерной сетки},
	url = {https://www.ibm.com/developerworks/ru/library/l-salome{\_}03{\_}01/index.html},
	urldate = {2020-10-21}
}